@misc{vanwieringen2023lecture,
      title={Lecture notes on ridge regression}, 
      author={Wessel N. van Wieringen},
      year={2023},
      eprint={1509.09169},
      archivePrefix={arXiv},
      primaryClass={stat.ME}
}


@book{hastie01statisticallearning,
  added-at = {2008-05-16T16:17:42.000+0200},
  address = {New York, NY, USA},
  author = {Hastie, Trevor and Tibshirani, Robert and Friedman, Jerome},
  biburl = {https://www.bibsonomy.org/bibtex/2f58afc5c9793fcc8ad8389824e57984c/sb3000},
  interhash = {d585aea274f2b9b228fc1629bc273644},
  intrahash = {f58afc5c9793fcc8ad8389824e57984c},
  keywords = {ml statistics},
  publisher = {Springer New York Inc.},
  series = {Springer Series in Statistics},
  timestamp = {2008-05-16T16:17:43.000+0200},
  title = {The Elements of Statistical Learning},
  year = 2001
}



@book{bishop2007,
  added-at = {2009-06-02T09:46:22.000+0200},
  asin = {0387310738},
  author = {Bishop, Christopher M.},
  biburl = {https://www.bibsonomy.org/bibtex/2d21de30a3a67c0f9f3c96bd6eec3267a/midtiby},
  description = {Amazon.com: Pattern Recognition and Machine Learning (Information Science and Statistics): Christopher M. Bishop: Books},
  dewey = {006.4},
  ean = {9780387310732},
  edition = 1,
  interhash = {f6fec2ccd82dec0dcd63825e301662cf},
  intrahash = {d21de30a3a67c0f9f3c96bd6eec3267a},
  isbn = {0387310738},
  keywords = {algorithms machinelearning patternrecognition statistics},
  publisher = {Springer},
  timestamp = {2009-06-02T15:22:29.000+0200},
  title = {Pattern Recognition and Machine Learning (Information Science and Statistics)},
  url = {http://www.amazon.com/Pattern-Recognition-Learning-Information-Statistics/dp/0387310738%3FSubscriptionId%3D13CT5CVB80YFWJEPWS02%26tag%3Dws%26linkCode%3Dxm2%26camp%3D2025%26creative%3D165953%26creativeASIN%3D0387310738},
  year = 2007
}



@book{Goodfellow-et-al-2016,
  added-at = {2017-03-13T20:27:27.000+0100},
  author = {Goodfellow, Ian and Bengio, Yoshua and Courville, Aaron},
  biburl = {https://www.bibsonomy.org/bibtex/2175f81afff897a68829e4d30c080a8fb/hotho},
  interhash = {62814dec510d5c55b0b38ad85a6c748d},
  intrahash = {175f81afff897a68829e4d30c080a8fb},
  keywords = {book deep learning toread},
  note = {Book in preparation for MIT Press},
  publisher = {MIT Press},
  timestamp = {2017-04-14T13:44:20.000+0200},
  title = {Deep Learning},
  url = {http://www.deeplearningbook.org},
  year = 2016
}



@software{MachineLearningProjects_2023,
author = {Wiseth, Brage and Heyerdahl, Felix Cameren and Jahr, Eirik Bj√∏rnson},
month = nov,
title = {{MachineLearningProjects}},
howpublished = "\url{https://github.com/bragewiseth/MachineLearningProjects}",
version = {1.0.0},
year = {2023}
}



@misc{nielsenneural,
  added-at = {2019-01-15T22:46:49.000+0100},
  author = {Nielsen, Michael A.},
  biburl = {https://www.bibsonomy.org/bibtex/274383acee84241145ff4ffede9658206/slicside},
  interhash = {04d527cadd39f888fc3babcad3343362},
  intrahash = {74383acee84241145ff4ffede9658206},
  keywords = {ba-2018-hahnrico},
  publisher = {Determination Press},
  timestamp = {2019-01-15T22:46:49.000+0100},
  title = {Neural Networks and Deep Learning},
  type = {misc},
  url = {http://neuralnetworksanddeeplearning.com/},
  year = 2018
}



@article{scikit-learn,
 title={Scikit-learn: Machine Learning in {P}ython},
 author={Pedregosa, F. and Varoquaux, G. and Gramfort, A. and Michel, V.
         and Thirion, B. and Grisel, O. and Blondel, M. and Prettenhofer, P.
         and Weiss, R. and Dubourg, V. and Vanderplas, J. and Passos, A. and
         Cournapeau, D. and Brucher, M. and Perrot, M. and Duchesnay, E.},
 journal={Journal of Machine Learning Research},
 volume={12},
 pages={2825--2830},
 year={2011}
}
