@software{MachineLearningProjects_2023,
    author = {Wiseth, Brage and Heyerdahl, Felix Cameren and Jahr, Eirik Bj√∏rnson},
    month = nov,
    title = {{MachineLearningProjects}},
    howpublished = "\url{https://github.com/bragewiseth/MachineLearningProjects}",
    version = {1.0.0},
    year = {2023}
}


@software{gpt,
    author = {OpenAI},
    title = {Chat-GPT},
    note = {Some of the code and formulations are developed with the help from Chat-GPT},
    url = {https://openai.com/chatgpt},
    howpublished = "\url{https://openai.com/chatgpt}",
    year = {2023}
}



@software{fys-stk,
    author = {Morten Hjorth-Jensen},
    title = {FYS-STK4155/3155 Applied Data Analysis and Machine Learning},
    url = {https://compphysics.github.io/MachineLearning/doc/LectureNotes/_build/html/intro.html},
    howpublished = "\url{https://compphysics.github.io/MachineLearning/doc/LectureNotes/_build/html/intro.html}",
    year = {2021},
    note = {accessed 18.12.2023}
}


@misc{hu2022neuralpde,
      title={Neural-PDE: A RNN based neural network for solving time dependent PDEs}, 
      author={Yihao Hu and Tong Zhao and Shixin Xu and Zhiliang Xu and Lizhen Lin},
      year={2022},
      eprint={2009.03892},
      archivePrefix={arXiv},
      primaryClass={math.NA}
}


@misc{krishnapriyan2021characterizing,
    title={Characterizing possible failure modes in physics-informed neural networks}, 
    author={Aditi S. Krishnapriyan and Amir Gholami and Shandian Zhe and Robert M. Kirby and Michael W. Mahoney},
    year={2021},
    eprint={2109.01050},
    archivePrefix={arXiv},
    primaryClass={cs.LG}
}
